<?xml version="1.0" encoding="UTF-8"?><collection><record><leader>05244ntm a2200553 a 4500</leader><controlfield tag="001">006806239</controlfield><controlfield tag="003">MiAaHDL</controlfield><controlfield tag="005">20190719000000.0</controlfield><controlfield tag="006">m        d        </controlfield><controlfield tag="007">cr bn ---auaua</controlfield><controlfield tag="008">090602s1756    tu            00| ||ara d</controlfield><datafield tag="035" ind1=" " ind2=" "><subfield code="a">(MiU)006806239</subfield></datafield><datafield tag="035" ind1=" " ind2=" "><subfield code="a">sdr-miu006806239</subfield></datafield><datafield tag="040" ind1=" " ind2=" "><subfield code="a">MiU</subfield><subfield code="c">MiU</subfield><subfield code="e">amremm</subfield></datafield><datafield tag="043" ind1=" " ind2=" "><subfield code="a">n-us-mi</subfield></datafield><datafield tag="100" ind1="1" ind2=" "><subfield code="6">880-01</subfield><subfield code="a">‘Awfī, Muḥammad ibn Aḥmad,</subfield><subfield code="d">17th cent.</subfield></datafield><datafield tag="245" ind1="1" ind2="3"><subfield code="6">880-03</subfield><subfield code="a">al-Tashīl wa-shifā’ al-‘alīl,</subfield><subfield code="f">[1169, i.e. 1756].</subfield></datafield><datafield tag="246" ind1="3" ind2=" "><subfield code="i">Title from heading at opening on p.4:</subfield><subfield code="a">كتاب تسهيل</subfield></datafield><datafield tag="246" ind1="3" ind2=" "><subfield code="i">Title from inscription on upper board lining:</subfield><subfield code="a">كتاب التسهيل وشفاء العليل في القراءات</subfield></datafield><datafield tag="260" ind1=" " ind2=" "><subfield code="a">[Edirne,</subfield><subfield code="c">1756].</subfield></datafield><datafield tag="300" ind1=" " ind2=" "><subfield code="a">171 leaves :</subfield><subfield code="b">paper ;</subfield><subfield code="c">162 x 120 (105 x 59) mm.</subfield></datafield><datafield tag="500" ind1=" " ind2=" "><subfield code="a">Shelfmark: Ann Arbor, University of Michigan, Special Collections Library, Isl. Ms. 472</subfield></datafield><datafield tag="500" ind1=" " ind2=" "><subfield code="a">Origin: As appears in colophon on p.336, copied by al-Sayyid Ḥāfiẓ Aḥmad (Hafız Ahmet) with transcription completed 1 Jumādá I 1169 [ca. 2 February 1756] in Edirne.</subfield></datafield><datafield tag="500" ind1=" " ind2=" "><subfield code="a">Accompanying materials: a. Acquisitions slip from Yahuda -- b. Inventory cataloguing slip in hand of Winifred Smeaton Thomas.</subfield></datafield><datafield tag="500" ind1=" " ind2=" "><subfield code="a">Former shelfmark: From inner front cover and spine label, "IL 48" (likely supplied by Yahuda, see acquisitions slip).</subfield></datafield><datafield tag="500" ind1=" " ind2=" "><subfield code="a">Binding: Pasteboards covered in marbled paper (in yellow, pink and dark brown, see envelope flap) with dark red leather over fore edge flap and edges/turn-ins (likely spine as well, but now covered in cream textile) ; Type II binding (with flap) ; board linings in peach / light orange wove paper ; sewn in dark green-blue thread, two stations ; worked endbands in dark green-blue and cream, damage with losses and exposed core ; overall in somewhat poor condition with significant abrasion, lifting and losses of paper and leather, delamination of boards, spine slant (cocked) etc. ; repairs in cloth.</subfield></datafield><datafield tag="500" ind1=" " ind2=" "><subfield code="a">Support: European laid paper with 11 laid lines per cm. (horizontal), chain lines spaced 21-22 mm. apart (vertical), and watermarks including crown above name and grapes, others more difficult to observe (see p.12, 13, 32, 33, 38, 112, 113, etc.), thin and transluscent though sturdy, quite well burnished to glossy ; some foxing and staining.</subfield></datafield><datafield tag="500" ind1=" " ind2=" "><subfield code="a">Decoration: Keywords and section headings rubricated (text to be entered in red indicated in margin, see p.31, though often cut off) ; textual dividers in the form of red discs ; written area surrounded by red rule-border.</subfield></datafield><datafield tag="500" ind1=" " ind2=" "><subfield code="a">Script: Naskh ; elegant Turkish hand ; partially but irregularly seriffed with right-sloping head-serifs on occasional lām of definite article and free-standing alif, effect of tilt to the left, rounded with curvilinear descenders, pointing (two and three dots) mainly in conjoined dots.</subfield></datafield><datafield tag="500" ind1=" " ind2=" "><subfield code="a">Layout: Written in 15 lines per page ; frame-ruled.</subfield></datafield><datafield tag="500" ind1=" " ind2=" "><subfield code="a">Collation: V+1 (11), 16 V(171), i ; chiefly quinions ; catchwords present ; pagination in pencil, Western numerals, supplied during digitization.</subfield></datafield><datafield tag="500" ind1=" " ind2=" "><subfield code="a">Colophon: "Scribal," triangular reads "تمت بعون الله الملك الوالي [؟] والحمد لله رب العالمين حرره السيد حافظ احمد في مدينۀ ادرنه غره في جمادى الاول سنه ١١٦٩"</subfield></datafield><datafield tag="500" ind1=" " ind2=" "><subfield code="a">Explicit: "هذا عظيم الشأنى هذا رسول البارى هذا خاتم الرسلى يا رب صل على جميع الرسلى والهم والصحبى مازينت بالنجمى واشرقت بالفجوى وضوات بالشمس في يومنا والغدوى الى انتهاء الامرى"</subfield></datafield><datafield tag="500" ind1=" " ind2=" "><subfield code="a">Incipit: "الحمد لله ذي النعم المتواترة والفضل الجزيل ... وبعد فيقول محمد بن احمد العوفي في ذي العجز والنقص ... هذا مختصر في القرآات العشرة المتواترة باقوى حجة ... وسميته التسهيل وشفاء العليل لطالب جد مجد في الرحيل ..."</subfield></datafield><datafield tag="500" ind1=" " ind2=" "><subfield code="a">Title from opening matter (preface) on p.4.</subfield></datafield><datafield tag="500" ind1=" " ind2=" "><subfield code="a">Ms. codex.</subfield></datafield><datafield tag="510" ind1="4" ind2=" "><subfield code="a">Brockelmann, C. GAL</subfield><subfield code="c">II 326</subfield></datafield><datafield tag="520" ind1="8" ind2=" "><subfield code="a">Fine copy of a work on Qurʼānic readings (qirāʼāt) by Mehmet b. Ahmet el-Avfî (d.1639 or 40). Preceded and followed by notes and excerpts in Turkish and Arabic.</subfield></datafield><datafield tag="538" ind1=" " ind2=" "><subfield code="a">Mode of access: Internet.</subfield></datafield><datafield tag="541" ind1=" " ind2=" "><subfield code="a">Acquired in 1926 from the bookseller Isaac Benjamin S.E. Yahuda via purchase transacted on his behalf by Abraham Shalom Yahuda (1877-1951), his younger brother.</subfield></datafield><datafield tag="546" ind1=" " ind2=" "><subfield code="a">Arabic.</subfield></datafield><datafield tag="561" ind1=" " ind2=" "><subfield code="a">Occasional marginal corrections and glosses ; occasional notabilia (side-heads).</subfield></datafield><datafield tag="630" ind1="0" ind2="0"><subfield code="a">Qurʼan</subfield><subfield code="x">Readings</subfield><subfield code="v">Early works to 1800.</subfield></datafield><datafield tag="650" ind1=" " ind2="0"><subfield code="a">Manuscripts, Arabic</subfield><subfield code="z">Michigan</subfield><subfield code="z">Ann Arbor.</subfield></datafield><datafield tag="700" ind1="0" ind2=" "><subfield code="6">880-05</subfield><subfield code="a">Hafız Ahmet,</subfield><subfield code="d">fl. 1756,</subfield><subfield code="e">scribe.</subfield></datafield><datafield tag="773" ind1="0" ind2=" "><subfield code="a">Yahuda Collection.</subfield></datafield><datafield tag="880" ind1="0" ind2=" "><subfield code="6">700-05/</subfield><subfield code="a">حافظ احمد،</subfield><subfield code="e">ناسخ.</subfield></datafield><datafield tag="880" ind1="1" ind2="2"><subfield code="6">245-03/</subfield><subfield code="a">التسهيل وشفاء العليل,</subfield><subfield code="f">[1169ه، 1756م].</subfield></datafield><datafield tag="880" ind1="1" ind2=" "><subfield code="6">100-01/</subfield><subfield code="a">عوفي، محمد ابن احمد.</subfield></datafield><datafield tag="CID" ind1=" " ind2=" "><subfield code="a">006806239</subfield></datafield><datafield tag="DAT" ind1="0" ind2=" "><subfield code="a">20190719102637.0</subfield><subfield code="b">20190719000000.0</subfield></datafield><datafield tag="DAT" ind1="1" ind2=" "><subfield code="a">20190719090653.0</subfield><subfield code="b">2019-07-19T16:11:33Z</subfield></datafield><datafield tag="DAT" ind1="2" ind2=" "><subfield code="a">2015-10-10T18:00:06Z</subfield></datafield><datafield tag="CAT" ind1=" " ind2=" "><subfield code="a">SDR-MIU</subfield><subfield code="d">EX LIBRIS - ALEPH</subfield><subfield code="l">prepare.pl-004-008</subfield></datafield><datafield tag="FMT" ind1=" " ind2=" "><subfield code="a">BK</subfield></datafield><datafield tag="HOL" ind1=" " ind2=" "><subfield code="0">sdr-miu006806239</subfield><subfield code="a">MiU</subfield><subfield code="b">SDR</subfield><subfield code="c">MIU</subfield><subfield code="p">mdp.39015079127786</subfield><subfield code="s">MIU</subfield><subfield code="1">006806239</subfield></datafield><datafield tag="974" ind1=" " ind2=" "><subfield code="b">MIU</subfield><subfield code="c">MIU</subfield><subfield code="d">20190719</subfield><subfield code="s">lit-dlps-dc</subfield><subfield code="u">mdp.39015079127786</subfield><subfield code="y">1756</subfield><subfield code="r">pd</subfield><subfield code="q">bib</subfield><subfield code="t">non-US bib date1 &lt; 1879</subfield></datafield></record></collection>